@ARTICLE{BarDaiConWin:J15,
author = {Stefania Bartoletti and Wenhan Dai and Andrea Conti and Moe Z. Win},
title = {A Mathematical Model for Wideband Ranging},
journal = IEEE-JSTSP,
volume  = {9},
number  = {2},
pages = {216-228},
month  = mar,
year = {2015},
}